<record><leader>00000cas a2200000 a 4500</leader><controlfield tag="001">41979233</controlfield><controlfield tag="008">990729d19uu19uuorudr ne      0    0eng c</controlfield><datafield ind1=" " ind2=" " tag="010"><subfield code="a">sn 99063825 </subfield><subfield code="z">sn 99063824 </subfield></datafield><datafield ind1=" " ind2=" " tag="040"><subfield code="a">OCN</subfield><subfield code="b">eng</subfield><subfield code="c">OCN</subfield><subfield code="d">DLC</subfield><subfield code="d">OCLCQ</subfield><subfield code="d">OCLCF</subfield><subfield code="d">OCLCO</subfield></datafield><datafield ind1="1" ind2=" " tag="029"><subfield code="a">AU@</subfield><subfield code="b">000021315983</subfield></datafield><datafield ind1=" " ind2=" " tag="042"><subfield code="a">pcc</subfield></datafield><datafield ind1=" " ind2=" " tag="043"><subfield code="a">n-us-or</subfield></datafield><datafield ind1="0" ind2="0" tag="245"><subfield code="a">Klamath record.</subfield></datafield><datafield ind1="1" ind2="3" tag="246"><subfield code="a">Weekly Klamath record</subfield></datafield><datafield ind1="1" ind2="3" tag="246"><subfield code="a">Daily Klamath record</subfield></datafield><datafield ind1=" " ind2=" " tag="260"><subfield code="a">Klamath Falls, Or. :</subfield><subfield code="b">Klamath Record Pub. Co.</subfield></datafield><datafield ind1=" " ind2=" " tag="300"><subfield code="a">v.</subfield></datafield><datafield ind1=" " ind2=" " tag="310"><subfield code="a">Daily, &lt;Jan. 5,</subfield><subfield code="b">1921-</subfield></datafield><datafield ind1=" " ind2=" " tag="321"><subfield code="a">Weekly,</subfield><subfield code="b">&lt;Sept. 29, 1916-</subfield></datafield><datafield ind1=" " ind2=" " tag="530"><subfield code="a">Also issued on microfilm from University of Oregon.</subfield></datafield><datafield ind1=" " ind2=" " tag="588"><subfield code="a">Description based on: Vol. 11, no. 100 (Sept. 29, 1916).</subfield></datafield><datafield ind1=" " ind2="0" tag="651"><subfield code="a">Klamath Falls (Or.)</subfield><subfield code="v">Newspapers.</subfield></datafield><datafield ind1=" " ind2="7" tag="655"><subfield code="a">Newspapers.</subfield><subfield code="2">fast</subfield><subfield code="0">(OCoLC)fst01423814</subfield></datafield><datafield ind1=" " ind2="7" tag="651"><subfield code="a">Oregon</subfield><subfield code="z">Klamath Falls.</subfield><subfield code="2">fast</subfield><subfield code="0">(OCoLC)fst01205658</subfield></datafield><datafield ind1=" " ind2=" " tag="752"><subfield code="a">United States</subfield><subfield code="b">Oregon</subfield><subfield code="c">Klamath</subfield><subfield code="d">Klamath Falls.</subfield></datafield><datafield ind1="0" ind2="0" tag="780"><subfield code="t">Merrill record</subfield></datafield><datafield ind1="0" ind2="0" tag="785"><subfield code="t">Klamath sun</subfield></datafield></record>